
@article{ODell:1996a,
  author =	 {{O'Dell}, C.~R. and {Wong}, K.},
  journal =	 {\aj},
  month =	 feb,
  pages =	 {846-+},
  title =	 {{Hubble Space Telescope Mapping of the Orion
                  Nebula. I. A Survey of Stars and Compact Objects}},
  volume =	 111,
  year =	 1996
}


@article{ODell:2009b,
  author =	 {{O'Dell}, C.~R.},
  journal =	 {\pasp},
  month =	 apr,
  pages =	 {428-432},
  title =	 {{Final Calibration of the WFPC2 Emission-Line
                  Filters}},
  volume =	 121,
  year =	 2009
}


@article{Weilbacher:2015a,
  author =	 {{Weilbacher}, P.~M. and {Monreal-Ibero}, A. and
                  {Kollatschny}, W. and {Ginsburg}, A. and {McLeod},
                  A.~F. and {Kamann}, S. and {Sandin}, C. and {Palsa},
                  R. and {Wisotzki}, L. and {Bacon}, R. and {Selman},
                  F. and {Brinchmann}, J. and {Caruana}, J. and
                  {Kelz}, A. and {Martinsson}, T. and
                  {PÃ©contal-Rousset}, A. and {Richard}, J. and
                  {Wendt}, M.},
  journal =	 {\aap},
  month =	 oct,
  pages =	 {A114},
  title =	 {{A MUSE map of the central Orion Nebula (M 42)}},
  volume =	 582,
  year =	 2015
}

