
@inproceedings{Fisher:2008a,
  Address =	 {San Francisco},
  Author =	 {{Fisher}, G.~H. and {Welsch}, B.~T.},
  Booktitle =	 {Subsurface and Atmospheric Influences on Solar
                  Activity},
  Editor =	 {{Howe}, R. and {Komm}, R.~W. and {Balasubramaniam},
                  K.~S. and {Petrie}, G.~J.~D.},
  Organization = {Astronomical Society of the Pacific},
  Pages =	 373,
  Series =	 {Astronomical Society of the Pacific Conference
                  Series},
  Title =	 {{FLCT: A Fast, Efficient Method for Performing Local
                  Correlation Tracking}},
  Volume =	 383,
  Year =	 2008
}

@article{Welsch:2004a,
  Author =	 {{Welsch}, B.~T. and {Fisher}, G.~H. and {Abbett},
                  W.~P. and {Regnier}, S.},
  Journal =	 {\apj},
  Month =	 {Aug},
  Number =	 2,
  Pages =	 {1148-1156},
  Title =	 {{ILCT: Recovering Photospheric Velocities from
                  Magnetograms by Combining the Induction Equation
                  with Local Correlation Tracking}},
  Volume =	 610,
  Year =	 2004
}

@misc{Bally:2013a,
  Author =	 {{Bally}, John},
  Howpublished = {HST Proposal},
  Month =	 oct,
  Title =	 {{The First Ultraviolet Survey of Orion Nebula's
                  Protoplanetary Disks and Outflows}},
  Year =	 2013
}

@article{Bally:2018c,
  Author =	 {{Bally}, J. and {Reipurth}, B.},
  Journal =	 {Research Notes of the American Astronomical Society},
  Month =	 mar,
  Number =	 1,
  Pages =	 {46},
  Title =	 {{UV Observations of the Orion Nebula Reveal New
                  Outflows and Jets}},
  Volume =	 2,
  Year =	 2018
}

@article{Bally:1998a,
  Author =	 {{Bally}, J. and {Sutherland}, R.~S. and {Devine},
                  D. and {Johnstone}, D.},
  Journal =	 {\aj},
  Month =	 jul,
  Pages =	 {293-321},
  Title =	 {{Externally Illuminated Young Stellar Environments
                  in the Orion Nebula: Hubble Space Telescope
                  Planetary Camera and Ultraviolet Observations}},
  Volume =	 116,
  Year =	 1998
}

@article{Robberto:2013a,
  Author =	 {{Robberto}, M. and {Soderblom}, D.~R. and
                  {Bergeron}, E. and {Kozhurina-Platais}, V. and
                  {Makidon}, R.~B. and {McCullough}, P.~R. and
                  {McMaster}, M. and {Panagia}, N. and {Reid},
                  I.~N. and {Levay}, Z. and {Frattare}, L. and {Da
                  Rio}, N. and {Andersen}, M. and {O'Dell}, C.~R. and
                  {Stassun}, K.~G. and {Simon}, M. and {Feigelson},
                  E.~D. and {Stauffer}, J.~R. and {Meyer}, M. and
                  {Reggiani}, M. and {Krist}, J. and {Manara},
                  C.~F. and {Romaniello}, M. and {Hillenbrand},
                  L.~A. and {Ricci}, L. and {Palla}, F. and {Najita},
                  J.~R. and {Ananna}, T.~T. and {Scandariato}, G. and
                  {Smith}, K.},
  Journal =	 {\apjs},
  Month =	 jul,
  Pages =	 10,
  Title =	 {{The Hubble Space Telescope Treasury Program on the
                  Orion Nebula Cluster}},
  Volume =	 207,
  Year =	 2013
}

@article{ODell:2015a,
  Author =	 {{O'Dell}, C.~R. and {Ferland}, G.~J. and {Henney},
                  W.~J. and {Peimbert}, M. and
                  {Garc{\'{\i}}a-D{\'{\i}}az}, M.~T. and {Rubin},
                  R.~H.},
  Journal =	 {\aj},
  Month =	 oct,
  Pages =	 108,
  Title =	 {{The Nature and Frequency of Outflows from Stars in
                  the Central Orion Nebula Cluster}},
  Volume =	 150,
  Year =	 2015
}

@article{ODell:2008a,
  Author =	 {{O'Dell}, C.~R. and {Henney}, W.~J.},
  Journal =	 {\aj},
  Month =	 oct,
  Pages =	 {1566-1586},
  Title =	 {{High Spatial Velocity Features in the Orion
                  Nebula,}},
  Volume =	 136,
  Year =	 2008
}
