
@book{ZelDovich:1967a,
  Address =	 {New York},
  Author =	 {{Zel'Dovich}, Y.~B. and {Raizer}, Y.~P.},
  Editor =	 {Hayes, W.D.; Probstein, Ronald F.},
  Publisher =	 {Academic Press},
  Title =	 {{Physics of shock waves and high-temperature
                  hydrodynamic phenomena}},
  Year =	 1967
}

@article{Pudritz:2019a,
  Author =	 {Pudritz, Ralph E. and Ray, Tom P.},
  Journal =	 {Frontiers in Astronomy and Space Sciences},
  Pages =	 54,
  Title =	 {The Role of Magnetic Fields in Protostellar Outflows
                  and Star Formation},
  Volume =	 6,
  Year =	 2019
}


@article{Raga:2017b,
  Author =	 {{Raga}, A. C. and {Cant√≥}, J.},
  Journal =	 {\rmxaa},
  Month =	 oct,
  Pages =	 {219-225},
  Title =	 {{The formation of double working surfaces in
                  periodically variable jets}},
  Volume =	 53,
  Year =	 2017
}

@article{Yirak:2012a,
  Author =	 {{Yirak}, Kristopher and {Schroeder}, Ed and {Frank},
                  Adam and {Cunningham}, Andrew J.},
  Journal =	 {\apj},
  Month =	 feb,
  Number =	 2,
  Pages =	 133,
  Title =	 {{The Evolution of Hetergeneous ``Clumpy Jets'': A
                  Parameter Study}},
  Volume =	 746,
  Year =	 2012
}

@article{Yirak:2009a,
  Author =	 {{Yirak}, Kristopher and {Frank}, Adam and
                  {Cunningham}, Andrew J. and {Mitran}, Sorin},
  Journal =	 {\apj},
  Month =	 apr,
  Number =	 2,
  Pages =	 {999-1005},
  Title =	 {{Hypersonic Buckshot: Astrophysical Jets as
                  Heterogeneous Collimated Plasmoids}},
  Volume =	 695,
  Year =	 2009
}

@article{Raga:1990a,
  Author =	 {{Raga}, A.~C. and {Canto}, J. and {Binette}, L. and
                  {Calvet}, N.},
  Journal =	 {\apj},
  Month =	 dec,
  Pages =	 {601-610},
  Title =	 {{Stellar jets with intrinsically variable sources}},
  Volume =	 364,
  Year =	 1990
}

@article{Hansen:2017a,
  Author =	 {{Hansen}, E.~C. and {Frank}, A. and {Hartigan},
                  P. and {Lebedev}, S.~V.},
  Journal =	 {\apj},
  Month =	 mar,
  Number =	 2,
  Pages =	 143,
  Title =	 {{Emission-line Data Cubes of the HH 32 Stellar Jet}},
  Volume =	 837,
  Year =	 2017
}

@article{Hartigan:2020b,
  Author =	 {{Hartigan}, P. and {Wright}, A.},
  Journal =	 {\aj},
  Month =	 oct,
  Number =	 4,
  Pages =	 165,
  Title =	 {{Emission-line Data Cubes of the HH 32 Stellar Jet}},
  Volume =	 160,
  Year =	 2020
}

@article{Hartigan:2015b,
  Author =	 {{Hartigan}, P. and {Wright}, A.},
  Journal =	 {\apj},
  Month =	 sep,
  Number =	 1,
  Pages =	 12,
  Title =	 {{A New Diagnostic of Magnetic Field Strengths in
                  Radiatively-cooled Shocks}},
  Volume =	 811,
  Year =	 2015
}

@article{Hartigan:1994a,
  Author =	 {{Hartigan}, P. and {Morse}, J.~A. and {Raymond}, J.},
  Journal =	 {\apj},
  Month =	 nov,
  Pages =	 {125-143},
  Title =	 {{Mass-loss rates, ionization fractions, shock
                  velocities, and magnetic fields of stellar jets}},
  Volume =	 436,
  Year =	 1994
}

@article{Hartigan:1987a,
  Author =	 {{Hartigan}, P. and {Raymond}, J. and {Hartmann}, L.},
  Journal =	 {\apj},
  Month =	 may,
  Pages =	 {323-348},
  Title =	 {{Radiative bow shock models of Herbig-Haro objects}},
  Volume =	 316,
  Year =	 1987
}

@article{Hartigan:1989a,
  Author =	 {{Hartigan}, P.},
  Journal =	 {\apj},
  Month =	 apr,
  Pages =	 {987-999},
  Title =	 {{The visibility of the Mach disk and the bow shock
                  of a stellar jet}},
  Volume =	 339,
  Year =	 1989
}
